<record><leader>00000cas a2200000 a 4500</leader><controlfield tag="001">31117775</controlfield><controlfield tag="008">940915d19uu1956iluwr ne      0   a0eng c</controlfield><datafield ind1=" " ind2=" " tag="010"><subfield code="a">sn 94060581 </subfield></datafield><datafield ind1=" " ind2=" " tag="040"><subfield code="a">NVF</subfield><subfield code="b">eng</subfield><subfield code="c">NVF</subfield><subfield code="d">NVF</subfield><subfield code="d">OCLCQ</subfield><subfield code="d">OCLCF</subfield><subfield code="d">OCLCO</subfield><subfield code="d">NVF</subfield></datafield><datafield ind1=" " ind2=" " tag="042"><subfield code="a">pcc</subfield></datafield><datafield ind1=" " ind2=" " tag="043"><subfield code="a">n-us-il</subfield></datafield><datafield ind1="0" ind2=" " tag="130"><subfield code="a">Star-progress (Bellwood, Ill.)</subfield></datafield><datafield ind1="1" ind2="4" tag="245"><subfield code="a">The star-progress.</subfield></datafield><datafield ind1="3" ind2=" " tag="246"><subfield code="a">Star progress</subfield></datafield><datafield ind1=" " ind2=" " tag="260"><subfield code="a">Bellwood, Ill. :</subfield><subfield code="b">Lester D. Wilcox,</subfield><subfield code="c">-1956.</subfield></datafield><datafield ind1=" " ind2=" " tag="300"><subfield code="a">volumes</subfield></datafield><datafield ind1=" " ind2=" " tag="310"><subfield code="a">Weekly</subfield></datafield><datafield ind1="0" ind2=" " tag="362"><subfield code="a">-v. 31, no. 51 (Sept. 20, 1956).</subfield></datafield><datafield ind1="4" ind2=" " tag="521"><subfield code="a">Title serves: Bellwood; Berkeley; Broadview; Hillside; Westchester; Maywood, &lt;Oct. 22, 1937&gt;-July 17, 1924; Melrose Park, &lt;Oct. 22, 1937&gt;-Dec. 25, 1953; Northlake Village, July 24, 1947-Dec. 25, 1953.</subfield></datafield><datafield ind1=" " ind2=" " tag="580"><subfield code="a">Merged with: Maywood-Melrose Park sentinel, to form: Proviso star-sentinel.</subfield></datafield><datafield ind1=" " ind2=" " tag="588"><subfield code="a">Description based on: Vol. 13, no. 23 (Oct. 22, 1937).</subfield></datafield><datafield ind1=" " ind2="0" tag="651"><subfield code="a">Bellwood (Ill.)</subfield><subfield code="v">Newspapers.</subfield></datafield><datafield ind1=" " ind2="0" tag="651"><subfield code="a">Berkeley (Ill.)</subfield><subfield code="v">Newspapers.</subfield></datafield><datafield ind1=" " ind2="0" tag="651"><subfield code="a">Broadview (Ill.)</subfield><subfield code="v">Newspapers.</subfield></datafield><datafield ind1=" " ind2="0" tag="651"><subfield code="a">Hillside (Ill.)</subfield><subfield code="v">Newspapers.</subfield></datafield><datafield ind1=" " ind2="0" tag="651"><subfield code="a">Westchester (Ill.)</subfield><subfield code="v">Newspapers.</subfield></datafield><datafield ind1=" " ind2="0" tag="651"><subfield code="a">Maywood (Ill.)</subfield><subfield code="v">Newspapers.</subfield></datafield><datafield ind1=" " ind2="0" tag="651"><subfield code="a">Melrose Park (Ill.)</subfield><subfield code="v">Newspapers.</subfield></datafield><datafield ind1=" " ind2="0" tag="651"><subfield code="a">Northlake (Ill.)</subfield><subfield code="v">Newspapers.</subfield></datafield><datafield ind1=" " ind2="7" tag="651"><subfield code="a">Illinois</subfield><subfield code="z">Bellwood.</subfield><subfield code="2">fast</subfield><subfield code="0">(OCoLC)fst01232871</subfield></datafield><datafield ind1=" " ind2="7" tag="651"><subfield code="a">Illinois</subfield><subfield code="z">Berkeley.</subfield><subfield code="2">fast</subfield><subfield code="0">(OCoLC)fst01309794</subfield></datafield><datafield ind1=" " ind2="7" tag="651"><subfield code="a">Illinois</subfield><subfield code="z">Broadview.</subfield><subfield code="2">fast</subfield><subfield code="0">(OCoLC)fst01227025</subfield></datafield><datafield ind1=" " ind2="7" tag="651"><subfield code="a">Illinois</subfield><subfield code="z">Hillside.</subfield><subfield code="2">fast</subfield><subfield code="0">(OCoLC)fst01208358</subfield></datafield><datafield ind1=" " ind2="7" tag="651"><subfield code="a">Illinois</subfield><subfield code="z">Maywood.</subfield><subfield code="2">fast</subfield><subfield code="0">(OCoLC)fst01217744</subfield></datafield><datafield ind1=" " ind2="7" tag="651"><subfield code="a">Illinois</subfield><subfield code="z">Melrose Park.</subfield><subfield code="2">fast</subfield><subfield code="0">(OCoLC)fst01226726</subfield></datafield><datafield ind1=" " ind2="7" tag="651"><subfield code="a">Illinois</subfield><subfield code="z">Northlake.</subfield><subfield code="2">fast</subfield><subfield code="0">(OCoLC)fst01250363</subfield></datafield><datafield ind1=" " ind2="7" tag="651"><subfield code="a">Illinois</subfield><subfield code="z">Westchester.</subfield><subfield code="2">fast</subfield><subfield code="0">(OCoLC)fst01226869</subfield></datafield><datafield ind1=" " ind2="7" tag="655"><subfield code="a">Newspapers.</subfield><subfield code="2">fast</subfield><subfield code="0">(OCoLC)fst01423814</subfield></datafield><datafield ind1=" " ind2=" " tag="752"><subfield code="a">United States</subfield><subfield code="b">Illinois</subfield><subfield code="c">Cook County</subfield><subfield code="d">Bellwood.</subfield></datafield><datafield ind1="1" ind2="7" tag="785"><subfield code="t">Maywood-Melrose Park sentinel</subfield></datafield><datafield ind1="1" ind2="7" tag="785"><subfield code="t">Proviso star-sentinel</subfield><subfield code="w">(DLC)sn 79007547</subfield><subfield code="w">(OCoLC)5424202</subfield></datafield></record>